
@misc{domonoske_across_2016,
	title = {Across {The} {Country}, {Crowds} {March} {In} {Protest} {Against} {Trump}'s {Victory}},
	url = {https://www.npr.org/sections/thetwo-way/2016/11/09/501513889/anti-trump-protests-break-out-in-cities-across-the-country},
	urldate = {2024-02-14},
	journal = {NPR},
	author = {Domonoske, Camila},
	year = {2016},
}

@techreport{federal_election_commission_federal_2013,
	address = {Washington, D.C.},
	title = {Federal {Elections} 2012},
	url = {https://www.fec.gov/resources/cms-content/documents/federalelections2012.pdf#page=11},
	language = {en},
	author = {{Federal Election Commission}},
	year = {2013},
	file = {FEDERAL ELECTIONS 2000.pdf:C\:\\Users\\User\\Zotero\\storage\\MZXLUPE4\\FEDERAL ELECTIONS 2000.pdf:application/pdf},
}
