
@article{ansala2020,
	title = {Age at arrival, parents and neighborhoods: understanding the educational attainment of immigrants{\textquoteright} children},
	author = {Ansala, Laura and {H채m채l채inen}, Ulla and {Sarvim채ki}, Matti},
	year = {2020},
	month = {03},
	date = {2020-03-01},
	journal = {Journal of Economic Geography},
	pages = {459--480},
	volume = {20},
	number = {2},
	doi = {10.1093/jeg/lbz017},
	url = {https://doi.org/10.1093/jeg/lbz017}
}

@article{glick2016,
	title = {Migrant children and migrants{\textquoteright} children: Nativity differences in school enrollment in Mexico and the United States},
	author = {Glick, Jennifer E. and Yabiku, Scott T.},
	year = {2016},
	date = {2016},
	journal = {Demographic research},
	pages = {201--228},
	volume = {35},
	number = {8},
	doi = {10.4054/DemRes.2016.35.8},
	url = {https://www.ncbi.nlm.nih.gov/pmc/articles/PMC5221702/},
	note = {PMID: 28077926
PMCID: PMC5221702}
}

@article{lemmermann2018,
	title = {The causal effect of age at migration on youth educational attainment},
	author = {Lemmermann, Dominique and Riphahn, Regina T.},
	year = {2018},
	month = {04},
	date = {2018-04-01},
	journal = {Economics of Education Review},
	pages = {78--99},
	volume = {63},
	doi = {10.1016/j.econedurev.2017.11.001},
	url = {https://www.sciencedirect.com/science/article/pii/S0272775717302625}
}

@article{baum2011,
	title = {Higher Education and Children in Immigrant Families},
	author = {Baum, Sandy and Flores, Stella M.},
	year = {2011},
	month = {03},
	date = {2011-03},
	journal = {The Future of Children},
	pages = {171--193},
	volume = {21},
	number = {1},
	doi = {10.1353/foc.2011.0000},
	url = {https://muse.jhu.edu/article/446014},
	langid = {en}
}

@article{portes1999,
	title = {Educating the second generation: Determinants of academic achievement among children of immigrants in the United States},
	author = {Portes, Alejandro and MacLeod, Dag},
	year = {1999},
	month = {07},
	date = {1999-07-01},
	journal = {Journal of Ethnic and Migration Studies},
	pages = {373--396},
	volume = {25},
	number = {3},
	doi = {10.1080/1369183X.1999.9976693},
	url = {https://www.tandfonline.com/doi/full/10.1080/1369183X.1999.9976693},
	langid = {en}
}

@article{beck2012,
	title = {Age at Immigration and the Adult Attainments of Child Migrants to the United States},
	author = {Beck, Audrey and Corak, Miles and Tienda, Marta},
	year = {2012},
	month = {09},
	date = {2012-09-01},
	journal = {The ANNALS of the American Academy of Political and Social Science},
	pages = {134--159},
	volume = {643},
	number = {1},
	doi = {10.1177/0002716212442665},
	url = {https://doi.org/10.1177/0002716212442665},
	note = {Publisher: SAGE Publications Inc},
	langid = {en}
}

@article{porter2021,
	title = {The turnover contagion process: An integrative review of theoretical and empirical research},
	author = {Porter, Caitlin M. and Rigby, James R.},
	year = {2021},
	date = {2021},
	journal = {Journal of Organizational Behavior},
	pages = {212--228},
	volume = {42},
	number = {2},
	doi = {10.1002/job.2483},
	url = {https://onlinelibrary.wiley.com/doi/abs/10.1002/job.2483},
	note = {{\_}eprint: https://onlinelibrary.wiley.com/doi/pdf/10.1002/job.2483},
	langid = {en}
}

@article{portes2011,
	title = {The Adaptation of Migrant Children},
	author = {Portes, Alejandro and Rivas, Alejandro},
	year = {2011},
	month = {03},
	date = {2011-03},
	journal = {The Future of Children},
	pages = {219--246},
	volume = {21},
	number = {1},
	doi = {10.1353/foc.2011.0004},
	url = {https://muse.jhu.edu/article/446016},
	langid = {en}
}

@article{hagy2002,
	title = {Immigrant status, race, and institutional choice in higher education},
	author = {Hagy, Alison P. and Staniec, J.Farley Ordovensky},
	year = {2002},
	month = {08},
	date = {2002-08},
	journal = {Economics of Education Review},
	pages = {381--392},
	volume = {21},
	number = {4},
	doi = {10.1016/S0272-7757(01)00033-4},
	url = {https://linkinghub.elsevier.com/retrieve/pii/S0272775701000334},
	langid = {en}
}

@article{xie2003,
	title = {Social mobility and the educational choices of Asian Americans},
	author = {Xie, Yu and Goyette, Kimberly},
	year = {2003},
	month = {09},
	date = {2003-09},
	journal = {Social Science Research},
	pages = {467--498},
	volume = {32},
	number = {3},
	doi = {10.1016/S0049-089X(03)00018-8},
	url = {https://linkinghub.elsevier.com/retrieve/pii/S0049089X03000188},
	langid = {en}
}

@article{ma2011,
	title = {College major choice, occupational structure and demographic patterning by gender, race and nativity},
	author = {Ma, Yingyi},
	year = {2011},
	month = {03},
	date = {2011-03-01},
	journal = {The Social Science Journal},
	pages = {112--129},
	volume = {48},
	number = {1},
	doi = {10.1016/j.soscij.2010.05.004},
	url = {https://www.tandfonline.com/doi/full/10.1016/j.soscij.2010.05.004},
	langid = {en}
}
