
@misc{vörös2022,
	title = {Wired into Each Other: Network Dynamics of Adolescents in Hungarian Secondary Schools: 2010-2013},
	author = {{Vörös}, {András} and Boda, {Zsófia} and {Néray}, {Bálint} and {Pál}, Judit and Kisfalusi, Dorottya and Samu, {Flóra} and Vit, Eszter and {Radó}, {Márta} and Habsz, Lilla and Csaba, {Zoltán} and {L{{\H o}}rincz}, {László} and {Mandácskó}, Eszter and Panyik, Barbara and Varga, Kinga and Mezei, Gabriella and Makovi, Kinga and Boldvai-Pethes, Laura and Havelda, {Anikó} and Bartus, {Tamás} and {Takács}, {Károly}},
	year = {2022},
	month = {08},
	date = {2022-08-16},
	url = {https://reshare.ukdataservice.ac.uk/855460/},
	note = {Publisher: UK Data Service
DOI: 10.5255/UKDA-SN-855460},
	langid = {en}
}

@article{niskala2023,
	title = {Exploring Finnish fifth-grade pupils{\textquoteright} academic peer assistance networks},
	author = {Niskala, Eveliina and Sormunen, Kati and Palonen, Tuire and Korhonen, Tiina and Hakkarainen, Kai},
	year = {2023},
	date = {2023},
	journal = {Scandinavian Journal of Educational Research},
	pages = {1--18},
	volume = {0},
	number = {0},
	doi = {10.1080/00313831.2023.2262505},
	url = {https://doi.org/10.1080/00313831.2023.2262505},
	note = {Publisher: Routledge
{\_}eprint: https://doi.org/10.1080/00313831.2023.2262505}
}

@article{kilday2023,
	title = {Who Do Students Ask for Help With Classwork? Sources of Help and Changes in Help-Seeking From Peers During Early Adolescence},
	author = {Kilday, Jessica E. and Ryan, Allison M.},
	year = {2023},
	month = {06},
	date = {2023-06-01},
	journal = {The Journal of Early Adolescence},
	pages = {746--783},
	volume = {43},
	number = {6},
	doi = {10.1177/02724316221124784},
	url = {https://doi.org/10.1177/02724316221124784},
	note = {Publisher: SAGE Publications Inc}
}

@article{schaefer2010,
	title = {Fundamental Principles of Network Formation among Preschool Children},
	author = {Schaefer, David R. and Light, John M. and Fabes, Richard A. and Hanish, Laura D. and Martin, Carol Lynn},
	year = {2010},
	month = {01},
	date = {2010-01-01},
	journal = {Social networks},
	pages = {61--71},
	volume = {32},
	number = {1},
	doi = {10.1016/j.socnet.2009.04.003},
	url = {https://www.ncbi.nlm.nih.gov/pmc/articles/PMC2811339/},
	note = {PMID: 20161606
PMCID: PMC2811339}
}

@misc{ripley2024,
	title = {RSiena Manual},
	author = {Ripley, Ruth M. and Snijders, Tom A.B. and Boda, {Zsófia} and {Vöorös}, {András} and Preciado, Paulina},
	year = {2024},
	month = {03},
	date = {2024-03-28},
	url = {https://www.stats.ox.ac.uk/~snijders/siena/RSiena_Manual.pdf}
}

@article{ryan1998,
	title = {Why do some students avoid asking for help? An examination of the interplay among students' academic efficacy, teachers' social{\textendash}emotional role, and the classroom goal structure},
	author = {Ryan, Allison M. and Gheen, Margaret H. and Midgley, Carol},
	year = {1998},
	date = {1998},
	journal = {Journal of Educational Psychology},
	pages = {528--535},
	volume = {90},
	number = {3},
	doi = {10.1037/0022-0663.90.3.528},
	note = {Place: US
Publisher: American Psychological Association}
}

@article{lomi2011,
	title = {Why Are Some More Peer Than Others? Evidence from a Longitudinal Study of Social Networks and Individual Academic Performance},
	author = {Lomi, Alessandro and Snijders, Tom A. B. and Steglich, Christian E. G. and Torlo, Vanina Jasmine},
	year = {2011},
	month = {11},
	date = {2011-11},
	journal = {Social Science Research},
	pages = {1506--1520},
	volume = {40},
	number = {6},
	doi = {10.1016/j.ssresearch.2011.06.010},
	note = {PMID: 25641999
PMCID: PMC4309286},
	langid = {eng}
}

@article{brouwer2018,
	title = {Emergent achievement segregation in freshmen learning community networks},
	author = {Brouwer, Jasperina and Flache, Andreas and Jansen, Ellen and Hofman, Adriaan and Steglich, Christian},
	year = {2018},
	month = {09},
	date = {2018-09-01},
	journal = {Higher Education},
	pages = {483--500},
	volume = {76},
	number = {3},
	doi = {10.1007/s10734-017-0221-2},
	url = {https://doi.org/10.1007/s10734-017-0221-2},
	langid = {en}
}
